[gd_scene load_steps=6 format=2]

[ext_resource path="res://art/startroom.png" type="Texture" id=1]
[ext_resource path="res://scenes/Door.tscn" type="PackedScene" id=2]
[ext_resource path="res://scripts/Room.gd" type="Script" id=3]
[ext_resource path="res://scenes/Prize.tscn" type="PackedScene" id=4]
[ext_resource path="res://scenes/GridCell.tscn" type="PackedScene" id=5]

[node name="RoomStart" type="StaticBody2D"]
script = ExtResource( 3 )

[node name="Sprite" type="Sprite" parent="."]
position = Vector2( -3.05176e-05, 2.67029e-05 )
scale = Vector2( 0.5, 0.5 )
z_index = -10
texture = ExtResource( 1 )

[node name="CollisionPolygon2D2" type="CollisionPolygon2D" parent="."]
polygon = PoolVector2Array( 200, -500, 200, -480, 480, -480, 480, -200, 500, -200, 500, -500 )

[node name="CollisionPolygon2D3" type="CollisionPolygon2D" parent="."]
position = Vector2( 120, -140 )
rotation = 3.14159
scale = Vector2( 1.22917, 1.27083 )
polygon = PoolVector2Array( 260.339, -503.607, 260.339, -487.869, 488.136, -487.869, 488.136, -267.541, 504.407, -267.541, 504.407, -503.607 )

[node name="CollisionPolygon2D4" type="CollisionPolygon2D" parent="."]
rotation = 1.5708
polygon = PoolVector2Array( 200, -500, 200, -480, 480, -480, 480, -200, 500, -200, 500, -500 )

[node name="CollisionPolygon2D5" type="CollisionPolygon2D" parent="."]
position = Vector2( 1.90735e-06, -1.90735e-06 )
rotation = -1.56957
polygon = PoolVector2Array( 200, -500, 200, -480, 480, -480, 480, -200, 500, -200, 500, -500 )

[node name="up" parent="." instance=ExtResource( 2 )]
position = Vector2( 0, -500 )

[node name="down" parent="." instance=ExtResource( 2 )]
position = Vector2( 0, 500 )
direction = 1

[node name="left" parent="." instance=ExtResource( 2 )]
position = Vector2( -500, 0 )
rotation = -1.5708
direction = 2

[node name="right" parent="." instance=ExtResource( 2 )]
position = Vector2( 500, 0 )
rotation = -1.5708
direction = 3

[node name="Prize" parent="." instance=ExtResource( 4 )]
position = Vector2( -1.00214, -1.90906 )

[node name="gridbox" type="Node2D" parent="."]

[node name="GridCell" parent="gridbox" instance=ExtResource( 5 )]
margin_left = -480.0
margin_top = -480.0
margin_right = -384.0
margin_bottom = -384.0

[node name="GridCell2" parent="gridbox" instance=ExtResource( 5 )]
margin_left = -384.0
margin_top = -480.0
margin_right = -288.0
margin_bottom = -384.0

[node name="GridCell3" parent="gridbox" instance=ExtResource( 5 )]
margin_left = -288.0
margin_top = -480.0
margin_right = -192.0
margin_bottom = -384.0

[node name="GridCell4" parent="gridbox" instance=ExtResource( 5 )]
margin_left = -192.0
margin_top = -480.0
margin_right = -96.0
margin_bottom = -384.0

[node name="GridCell5" parent="gridbox" instance=ExtResource( 5 )]
margin_left = -96.0
margin_top = -480.0
margin_bottom = -384.0

[node name="GridCell6" parent="gridbox" instance=ExtResource( 5 )]
margin_left = 0.0
margin_top = -480.0
margin_right = 96.0
margin_bottom = -384.0

[node name="GridCell7" parent="gridbox" instance=ExtResource( 5 )]
margin_left = 96.0
margin_top = -480.0
margin_right = 192.0
margin_bottom = -384.0

[node name="GridCell8" parent="gridbox" instance=ExtResource( 5 )]
margin_left = 192.0
margin_top = -480.0
margin_right = 288.0
margin_bottom = -384.0

[node name="GridCell9" parent="gridbox" instance=ExtResource( 5 )]
margin_left = 288.0
margin_top = -480.0
margin_right = 384.0
margin_bottom = -384.0

[node name="GridCell10" parent="gridbox" instance=ExtResource( 5 )]
margin_left = 384.0
margin_top = -480.0
margin_right = 480.0
margin_bottom = -384.0

[node name="GridCell11" parent="gridbox" instance=ExtResource( 5 )]
margin_left = -480.0
margin_top = -384.0
margin_right = -384.0
margin_bottom = -288.0

[node name="GridCell12" parent="gridbox" instance=ExtResource( 5 )]
margin_left = -384.0
margin_top = -384.0
margin_right = -288.0
margin_bottom = -288.0

[node name="GridCell13" parent="gridbox" instance=ExtResource( 5 )]
margin_left = -288.0
margin_top = -384.0
margin_right = -192.0
margin_bottom = -288.0

[node name="GridCell14" parent="gridbox" instance=ExtResource( 5 )]
margin_left = -192.0
margin_top = -384.0
margin_right = -96.0
margin_bottom = -288.0

[node name="GridCell15" parent="gridbox" instance=ExtResource( 5 )]
margin_left = -96.0
margin_top = -384.0
margin_bottom = -288.0

[node name="GridCell16" parent="gridbox" instance=ExtResource( 5 )]
margin_left = 0.0
margin_top = -384.0
margin_right = 96.0
margin_bottom = -288.0

[node name="GridCell17" parent="gridbox" instance=ExtResource( 5 )]
margin_left = 96.0
margin_top = -384.0
margin_right = 192.0
margin_bottom = -288.0

[node name="GridCell18" parent="gridbox" instance=ExtResource( 5 )]
margin_left = 192.0
margin_top = -384.0
margin_right = 288.0
margin_bottom = -288.0

[node name="GridCell19" parent="gridbox" instance=ExtResource( 5 )]
margin_left = 288.0
margin_top = -384.0
margin_right = 384.0
margin_bottom = -288.0

[node name="GridCell20" parent="gridbox" instance=ExtResource( 5 )]
margin_left = 384.0
margin_top = -384.0
margin_right = 480.0
margin_bottom = -288.0

[node name="GridCell21" parent="gridbox" instance=ExtResource( 5 )]
margin_left = -480.0
margin_top = -288.0
margin_right = -384.0
margin_bottom = -192.0

[node name="GridCell22" parent="gridbox" instance=ExtResource( 5 )]
margin_left = -384.0
margin_top = -288.0
margin_right = -288.0
margin_bottom = -192.0

[node name="GridCell23" parent="gridbox" instance=ExtResource( 5 )]
margin_left = -288.0
margin_top = -288.0
margin_right = -192.0
margin_bottom = -192.0

[node name="GridCell24" parent="gridbox" instance=ExtResource( 5 )]
margin_left = -192.0
margin_top = -288.0
margin_right = -96.0
margin_bottom = -192.0

[node name="GridCell25" parent="gridbox" instance=ExtResource( 5 )]
margin_left = -96.0
margin_top = -288.0
margin_bottom = -192.0

[node name="GridCell26" parent="gridbox" instance=ExtResource( 5 )]
margin_left = 0.0
margin_top = -288.0
margin_right = 96.0
margin_bottom = -192.0

[node name="GridCell27" parent="gridbox" instance=ExtResource( 5 )]
margin_left = 96.0
margin_top = -288.0
margin_right = 192.0
margin_bottom = -192.0

[node name="GridCell28" parent="gridbox" instance=ExtResource( 5 )]
margin_left = 192.0
margin_top = -288.0
margin_right = 288.0
margin_bottom = -192.0

[node name="GridCell29" parent="gridbox" instance=ExtResource( 5 )]
margin_left = 288.0
margin_top = -288.0
margin_right = 384.0
margin_bottom = -192.0

[node name="GridCell30" parent="gridbox" instance=ExtResource( 5 )]
margin_left = 384.0
margin_top = -288.0
margin_right = 480.0
margin_bottom = -192.0

[node name="GridCell31" parent="gridbox" instance=ExtResource( 5 )]
margin_left = -480.0
margin_top = -192.0
margin_right = -384.0
margin_bottom = -96.0

[node name="GridCell32" parent="gridbox" instance=ExtResource( 5 )]
margin_left = -384.0
margin_top = -192.0
margin_right = -288.0
margin_bottom = -96.0

[node name="GridCell33" parent="gridbox" instance=ExtResource( 5 )]
margin_left = -288.0
margin_top = -192.0
margin_right = -192.0
margin_bottom = -96.0

[node name="GridCell34" parent="gridbox" instance=ExtResource( 5 )]
margin_left = -192.0
margin_top = -192.0
margin_right = -96.0
margin_bottom = -96.0
canHoldTower = true

[node name="GridCell35" parent="gridbox" instance=ExtResource( 5 )]
margin_left = -96.0
margin_top = -192.0
margin_bottom = -96.0

[node name="GridCell36" parent="gridbox" instance=ExtResource( 5 )]
margin_left = 0.0
margin_top = -192.0
margin_right = 96.0
margin_bottom = -96.0

[node name="GridCell37" parent="gridbox" instance=ExtResource( 5 )]
margin_left = 96.0
margin_top = -192.0
margin_right = 192.0
margin_bottom = -96.0
canHoldTower = true

[node name="GridCell38" parent="gridbox" instance=ExtResource( 5 )]
margin_left = 192.0
margin_top = -192.0
margin_right = 288.0
margin_bottom = -96.0

[node name="GridCell39" parent="gridbox" instance=ExtResource( 5 )]
margin_left = 288.0
margin_top = -192.0
margin_right = 384.0
margin_bottom = -96.0

[node name="GridCell40" parent="gridbox" instance=ExtResource( 5 )]
margin_left = 384.0
margin_top = -192.0
margin_right = 480.0
margin_bottom = -96.0

[node name="GridCell41" parent="gridbox" instance=ExtResource( 5 )]
margin_left = -480.0
margin_top = -96.0
margin_right = -384.0

[node name="GridCell42" parent="gridbox" instance=ExtResource( 5 )]
margin_left = -384.0
margin_top = -96.0
margin_right = -288.0

[node name="GridCell43" parent="gridbox" instance=ExtResource( 5 )]
margin_left = -288.0
margin_top = -96.0
margin_right = -192.0

[node name="GridCell44" parent="gridbox" instance=ExtResource( 5 )]
margin_left = -192.0
margin_top = -96.0
margin_right = -96.0

[node name="GridCell45" parent="gridbox" instance=ExtResource( 5 )]
margin_left = -96.0
margin_top = -96.0

[node name="GridCell46" parent="gridbox" instance=ExtResource( 5 )]
margin_left = 0.0
margin_top = -96.0
margin_right = 96.0
margin_bottom = 0.0

[node name="GridCell47" parent="gridbox" instance=ExtResource( 5 )]
margin_left = 96.0
margin_top = -96.0
margin_right = 192.0

[node name="GridCell48" parent="gridbox" instance=ExtResource( 5 )]
margin_left = 192.0
margin_top = -96.0
margin_right = 288.0

[node name="GridCell49" parent="gridbox" instance=ExtResource( 5 )]
margin_left = 288.0
margin_top = -96.0
margin_right = 384.0

[node name="GridCell50" parent="gridbox" instance=ExtResource( 5 )]
margin_left = 384.0
margin_top = -96.0
margin_right = 480.0

[node name="GridCell51" parent="gridbox" instance=ExtResource( 5 )]
margin_left = -480.0
margin_top = 0.0
margin_right = -384.0
margin_bottom = 96.0

[node name="GridCell52" parent="gridbox" instance=ExtResource( 5 )]
margin_left = -384.0
margin_top = 0.0
margin_right = -288.0
margin_bottom = 96.0

[node name="GridCell53" parent="gridbox" instance=ExtResource( 5 )]
margin_left = -288.0
margin_top = 0.0
margin_right = -192.0
margin_bottom = 96.0

[node name="GridCell54" parent="gridbox" instance=ExtResource( 5 )]
margin_left = -192.0
margin_top = 0.0
margin_right = -96.0
margin_bottom = 96.0

[node name="GridCell55" parent="gridbox" instance=ExtResource( 5 )]
margin_left = -96.0
margin_top = 0.0
margin_right = 0.0
margin_bottom = 96.0

[node name="GridCell56" parent="gridbox" instance=ExtResource( 5 )]
margin_left = 0.0
margin_top = 0.0
margin_right = 96.0
margin_bottom = 96.0

[node name="GridCell57" parent="gridbox" instance=ExtResource( 5 )]
margin_left = 96.0
margin_top = 0.0
margin_right = 192.0
margin_bottom = 96.0

[node name="GridCell58" parent="gridbox" instance=ExtResource( 5 )]
margin_left = 192.0
margin_top = 0.0
margin_right = 288.0
margin_bottom = 96.0

[node name="GridCell59" parent="gridbox" instance=ExtResource( 5 )]
margin_left = 288.0
margin_top = 0.0
margin_right = 384.0
margin_bottom = 96.0

[node name="GridCell60" parent="gridbox" instance=ExtResource( 5 )]
margin_left = 384.0
margin_top = 0.0
margin_right = 480.0
margin_bottom = 96.0

[node name="GridCell61" parent="gridbox" instance=ExtResource( 5 )]
margin_left = -480.0
margin_top = 96.0
margin_right = -384.0
margin_bottom = 192.0

[node name="GridCell62" parent="gridbox" instance=ExtResource( 5 )]
margin_left = -384.0
margin_top = 96.0
margin_right = -288.0
margin_bottom = 192.0

[node name="GridCell63" parent="gridbox" instance=ExtResource( 5 )]
margin_left = -288.0
margin_top = 96.0
margin_right = -192.0
margin_bottom = 192.0

[node name="GridCell64" parent="gridbox" instance=ExtResource( 5 )]
margin_left = -192.0
margin_top = 96.0
margin_right = -96.0
margin_bottom = 192.0
canHoldTower = true

[node name="GridCell65" parent="gridbox" instance=ExtResource( 5 )]
margin_left = -96.0
margin_top = 96.0
margin_bottom = 192.0

[node name="GridCell66" parent="gridbox" instance=ExtResource( 5 )]
margin_left = 0.0
margin_top = 96.0
margin_right = 96.0
margin_bottom = 192.0

[node name="GridCell67" parent="gridbox" instance=ExtResource( 5 )]
margin_left = 96.0
margin_top = 96.0
margin_right = 192.0
margin_bottom = 192.0
canHoldTower = true

[node name="GridCell68" parent="gridbox" instance=ExtResource( 5 )]
margin_left = 192.0
margin_top = 96.0
margin_right = 288.0
margin_bottom = 192.0

[node name="GridCell69" parent="gridbox" instance=ExtResource( 5 )]
margin_left = 288.0
margin_top = 96.0
margin_right = 384.0
margin_bottom = 192.0

[node name="GridCell70" parent="gridbox" instance=ExtResource( 5 )]
margin_left = 384.0
margin_top = 96.0
margin_right = 480.0
margin_bottom = 192.0

[node name="GridCell71" parent="gridbox" instance=ExtResource( 5 )]
margin_left = -480.0
margin_top = 192.0
margin_right = -384.0
margin_bottom = 288.0

[node name="GridCell72" parent="gridbox" instance=ExtResource( 5 )]
margin_left = -384.0
margin_top = 192.0
margin_right = -288.0
margin_bottom = 288.0

[node name="GridCell73" parent="gridbox" instance=ExtResource( 5 )]
margin_left = -288.0
margin_top = 192.0
margin_right = -192.0
margin_bottom = 288.0

[node name="GridCell74" parent="gridbox" instance=ExtResource( 5 )]
margin_left = -192.0
margin_top = 192.0
margin_right = -96.0
margin_bottom = 288.0

[node name="GridCell75" parent="gridbox" instance=ExtResource( 5 )]
margin_left = -96.0
margin_top = 192.0
margin_bottom = 288.0

[node name="GridCell76" parent="gridbox" instance=ExtResource( 5 )]
margin_left = 0.0
margin_top = 192.0
margin_right = 96.0
margin_bottom = 288.0

[node name="GridCell77" parent="gridbox" instance=ExtResource( 5 )]
margin_left = 96.0
margin_top = 192.0
margin_right = 192.0
margin_bottom = 288.0

[node name="GridCell78" parent="gridbox" instance=ExtResource( 5 )]
margin_left = 192.0
margin_top = 192.0
margin_right = 288.0
margin_bottom = 288.0

[node name="GridCell79" parent="gridbox" instance=ExtResource( 5 )]
margin_left = 288.0
margin_top = 192.0
margin_right = 384.0
margin_bottom = 288.0

[node name="GridCell80" parent="gridbox" instance=ExtResource( 5 )]
margin_left = 384.0
margin_top = 192.0
margin_right = 480.0
margin_bottom = 288.0

[node name="GridCell81" parent="gridbox" instance=ExtResource( 5 )]
margin_left = -480.0
margin_top = 288.0
margin_right = -384.0
margin_bottom = 384.0

[node name="GridCell82" parent="gridbox" instance=ExtResource( 5 )]
margin_left = -384.0
margin_top = 288.0
margin_right = -288.0
margin_bottom = 384.0

[node name="GridCell83" parent="gridbox" instance=ExtResource( 5 )]
margin_left = -288.0
margin_top = 288.0
margin_right = -192.0
margin_bottom = 384.0

[node name="GridCell84" parent="gridbox" instance=ExtResource( 5 )]
margin_left = -192.0
margin_top = 288.0
margin_right = -96.0
margin_bottom = 384.0

[node name="GridCell85" parent="gridbox" instance=ExtResource( 5 )]
margin_left = -96.0
margin_top = 288.0
margin_bottom = 384.0

[node name="GridCell86" parent="gridbox" instance=ExtResource( 5 )]
margin_left = 0.0
margin_top = 288.0
margin_right = 96.0
margin_bottom = 384.0

[node name="GridCell87" parent="gridbox" instance=ExtResource( 5 )]
margin_left = 96.0
margin_top = 288.0
margin_right = 192.0
margin_bottom = 384.0

[node name="GridCell88" parent="gridbox" instance=ExtResource( 5 )]
margin_left = 192.0
margin_top = 288.0
margin_right = 288.0
margin_bottom = 384.0

[node name="GridCell89" parent="gridbox" instance=ExtResource( 5 )]
margin_left = 288.0
margin_top = 288.0
margin_right = 384.0
margin_bottom = 384.0

[node name="GridCell90" parent="gridbox" instance=ExtResource( 5 )]
margin_left = 384.0
margin_top = 288.0
margin_right = 480.0
margin_bottom = 384.0

[node name="GridCell91" parent="gridbox" instance=ExtResource( 5 )]
margin_left = -480.0
margin_top = 384.0
margin_right = -384.0
margin_bottom = 480.0

[node name="GridCell92" parent="gridbox" instance=ExtResource( 5 )]
margin_left = -384.0
margin_top = 384.0
margin_right = -288.0
margin_bottom = 480.0

[node name="GridCell93" parent="gridbox" instance=ExtResource( 5 )]
margin_left = -288.0
margin_top = 384.0
margin_right = -192.0
margin_bottom = 480.0

[node name="GridCell94" parent="gridbox" instance=ExtResource( 5 )]
margin_left = -192.0
margin_top = 384.0
margin_right = -96.0
margin_bottom = 480.0

[node name="GridCell95" parent="gridbox" instance=ExtResource( 5 )]
margin_left = -96.0
margin_top = 384.0
margin_bottom = 480.0

[node name="GridCell96" parent="gridbox" instance=ExtResource( 5 )]
margin_left = 0.0
margin_top = 384.0
margin_right = 96.0
margin_bottom = 480.0

[node name="GridCell97" parent="gridbox" instance=ExtResource( 5 )]
margin_left = 96.0
margin_top = 384.0
margin_right = 192.0
margin_bottom = 480.0

[node name="GridCell98" parent="gridbox" instance=ExtResource( 5 )]
margin_left = 192.0
margin_top = 384.0
margin_right = 288.0
margin_bottom = 480.0

[node name="GridCell99" parent="gridbox" instance=ExtResource( 5 )]
margin_left = 288.0
margin_top = 384.0
margin_right = 384.0
margin_bottom = 480.0

[node name="GridCell100" parent="gridbox" instance=ExtResource( 5 )]
margin_left = 384.0
margin_top = 384.0
margin_right = 480.0
margin_bottom = 480.0
