[gd_scene load_steps=3 format=2]

[ext_resource path="res://scenes/TextChat.gd" type="Script" id=1]

[sub_resource type="StyleBoxFlat" id=1]
bg_color = Color( 0, 0, 0, 0.596078 )

[node name="Control" type="Panel"]
anchor_right = 1.0
anchor_bottom = 1.0
mouse_filter = 2
custom_styles/panel = SubResource( 1 )
script = ExtResource( 1 )
__meta__ = {
"_edit_use_anchors_": false
}

[node name="VBoxContainer" type="VBoxContainer" parent="."]
anchor_right = 1.0
anchor_bottom = 1.0
mouse_filter = 2
__meta__ = {
"_edit_use_anchors_": false
}

[node name="Control" type="Control" parent="VBoxContainer"]
margin_right = 1024.0
margin_bottom = 572.0
mouse_filter = 2
size_flags_horizontal = 3
size_flags_vertical = 3

[node name="Notification" type="RichTextLabel" parent="VBoxContainer/Control"]
anchor_right = 1.0
anchor_bottom = 1.0
mouse_filter = 2
size_flags_horizontal = 3
size_flags_vertical = 3
__meta__ = {
"_edit_use_anchors_": false
}

[node name="VBoxContainer" type="VBoxContainer" parent="VBoxContainer/Control"]
anchor_right = 1.0
anchor_bottom = 1.0
mouse_filter = 2
__meta__ = {
"_edit_use_anchors_": false
}

[node name="Button" type="Button" parent="VBoxContainer/Control/VBoxContainer"]
margin_right = 1024.0
margin_bottom = 20.0
text = "Close"
__meta__ = {
"_edit_use_anchors_": false
}

[node name="Messages" type="RichTextLabel" parent="VBoxContainer/Control/VBoxContainer"]
margin_top = 24.0
margin_right = 1024.0
margin_bottom = 572.0
mouse_filter = 2
size_flags_vertical = 3
fit_content_height = true
scroll_following = true
__meta__ = {
"_edit_use_anchors_": false
}

[node name="HBoxContainer" type="HBoxContainer" parent="VBoxContainer"]
margin_top = 576.0
margin_right = 1024.0
margin_bottom = 600.0

[node name="TextEdit" type="LineEdit" parent="VBoxContainer/HBoxContainer"]
margin_right = 977.0
margin_bottom = 24.0
mouse_filter = 1
size_flags_horizontal = 3
caret_blink = true
caret_blink_speed = 0.5

[node name="Button" type="Button" parent="VBoxContainer/HBoxContainer"]
margin_left = 981.0
margin_right = 1024.0
margin_bottom = 24.0
mouse_filter = 1
text = "Send"

[node name="HideTimer" type="Timer" parent="."]
wait_time = 10.0
one_shot = true
autostart = true
[connection signal="mouse_exited" from="." to="." method="_mouse_out"]
[connection signal="pressed" from="VBoxContainer/Control/VBoxContainer/Button" to="." method="_no_focus"]
[connection signal="focus_entered" from="VBoxContainer/HBoxContainer/TextEdit" to="." method="_focus"]
[connection signal="text_entered" from="VBoxContainer/HBoxContainer/TextEdit" to="." method="_send_arg"]
[connection signal="pressed" from="VBoxContainer/HBoxContainer/Button" to="." method="_send"]
[connection signal="timeout" from="HideTimer" to="." method="_hide"]
